@web{niel,
	 author = {Jakob Nielsen},
	 title = {10 Usability Heuristics for User Interface Design [Online] at (https://www.nngroup.com/articles/ten-usability-heuristics/) Accessed on 15 May 2016},
	 year = {1995},
	 url = {https://www.nngroup.com/articles/ten-usability-heuristics/},
}
